@article{martinez2012robotic,
  title =	 {Robotic Tentacles with Three-Dimensional Mobility Based on Flexible Elastomers},
  volume =	 {25},
  ISSN =	 {0935-9648},
  url =		 {http://dx.doi.org/10.1002/adma.201203002},
  DOI =		 {10.1002/adma.201203002},
  number =	 {2},
  journal =	 {Advanced Materials},
  publisher =	 {Wiley-Blackwell},
  author =	 {Martinez, Ramses V. and Branch, Jamie L. and Fish, Carina R. and Jin, Lihua and Shepherd, Robert F. and Nunes, Rui M. D. and Suo, Zhigang and Whitesides, George M.},
  year =	 {2012},
  month =	 {Sep},
  pages =	 {205–212}
}


@article{yap2016highforce,
  title =	 {High-Force Soft Printable Pneumatics for Soft Robotic Applications},
  volume =	 {3},
  ISSN =	 {2169-5180},
  url =		 {http://dx.doi.org/10.1089/soro.2016.0030},
  DOI =		 {10.1089/soro.2016.0030},
  number =	 {3},
  journal =	 {Soft Robotics},
  publisher =	 {Mary Ann Liebert Inc},
  author =	 {Yap, Hong Kai and Ng, Hui Yong and Yeow, Chen-Hua},
  year =	 {2016},
  month =	 {Sep},
  pages =	 {144–158}
}
